










@article{barbasi_albert_1999,
    author =       "Albert-László Barabási and Réka Albert",
    title =        "Emergence of Scaling in Random Networks",
    journal =      "SCIENCE",
    volume =       "286",
    number =       "",
    pages =        "",
    year =         "1999"
    DOI = 		   ""
}



@article{watts_strogatz_1998,
    author =       "Duncan J. Watts and Steven H. Strogatz",
    title =        "Collective dynamics of ‘small-world’ networks",
    journal =      "NATURE",
    volume =       "393",
    number =       "",
    pages =        "",
    year =         "1998"
    DOI = 		   ""
}



@article{galeano_paccanaro_2019,
    author =       "Diego Galeano and Alberto Paccanaro",
    title =        "Predicting the Frequency of Drug Side effects",
    journal =      "bioRxiv",
    volume =       "",
    number =       "",
    pages =        "",
    year =         "2019"
    DOI = 		   "BioRxiv 594465, doi: 10.1101/594465"
}





@article{krizhevsky_etal_2012,
    author =       "Alex Krizhevsky and Ilya Sutskever and Geoffrey E. Hinton",
    title =        "ImageNet Classification with Deep Convolutional Neural Networks",
    journal =      "Advances in neural information processing systems",
    volume =       "",
    number =       "",
    pages =        "1097-1105",
    year =         "2012"
}






@book{mostafa,
    author    = "Yaser S. Abu-Mostafa and Malik Magdon-Ismail and Hsuan-Tien Lin",
    title     = "Learning from Data: A Short Course",
    year      = "2012",
    publisher = "AMLBook.com"
}




@book{ulisses,
    author    = "Ulisses M. Braga-Neto and Edward R. Dougherty",
    title     = "Error Estimation for Pattern Recognition",
    year      = "2015",
    publisher = "IEEE Press"
}





@book{popper,
    author    = "Karl Popper",
    title     = "The Logic of Scientific Discovery",
    year      = "2002",
    publisher = "Routledge Classics, first published in 1935 by Verlag von Julius Springer"
}











